@BOOK{Salton1968,
	author = {Gerard Salton},
	title = {Automatic Information Organization and Retrieval},
	year = {1968},
	publisher = {McGraw-Hill},
	place = {New York, USA}
}

@BOOK{Elmasri2015,
	author = {Ramez Elmasri and Shamkant B. Navathe},
	title = {Fundamentals of Database Systems},
	year = {2015},
	publisher = {Pearson Education Limited},
	edition = {7th},
	place = {USA}
}