@article{top500,
	title={TOP500 Supercomputer Sites},
	author={Dongarra, Jack and Meuer, Hans W and Strohmaier, Erich},
	journal={International Journal of High Performance Computing Applications},
	volume={23},
	number={3},
	pages={227--239},
	year={2009},
	publisher={SAGE Publications Sage UK: London, England}
}

@book{crey_seymour,
	title={The Supermen: The Story of Seymour Cray and the Technical Wizards Behind the Supercomputer},
	author={Murray, Charles J},
	year={1997},
	publisher={John Wiley \& Sons}
}

@article{alphafold,
	title={AlphaFold: a solution to a 50-year-old grand challenge in biology},
	author={Senior, Andrew W and Evans, Richard and Jumper, John and others},
	journal={Nature},
	volume={577},
	number={7792},
	pages={706--710},
	year={2020},
	publisher={Nature Publishing Group}
}

@article{ibm_protein_folding,
	title={IBM's Blue Gene project},
	author={Adiga, NR and others},
	journal={IBM Journal of Research and Development},
	volume={46},
	number={1},
	pages={183--200},
	year={2002},
	publisher={IBM}
}

@article{rsa,
	title={A method for obtaining digital signatures and public-key cryptosystems},
	author={Rivest, Ronald L and Shamir, Adi and Adleman, Leonard},
	journal={Communications of the ACM},
	volume={21},
	number={2},
	pages={120--126},
	year={1978},
	publisher={ACM}
}

@article{homomorphic_cryptography,
	title={Fully homomorphic encryption using ideal lattices},
	author={Gentry, Craig},
	journal={Proceedings of the 41st annual ACM symposium on Theory of computing},
	pages={169--178},
	year={2009},
	publisher={ACM}
}