@article{dean2004mapreduce,
	title={MapReduce: Simplified Data Processing on Large Clusters},
	author={Dean, Jeffrey and Ghemawat, Sanjay},
	journal={Communications of the ACM},
	volume={51},
	number={1},
	pages={107--113},
	year={2004},
	publisher={ACM}
}

@book{zaharia2016apache,
	title={Learning Spark: Lightning-Fast Big Data Analysis},
	author={Zaharia, Matei and Wendell, Patrick and Das, Tathagata and Armbrust, Michael},
	year={2016},
	publisher={O'Reilly Media, Inc.}
}

@article{ghemawat2003google,
	title={The Google File System},
	author={Ghemawat, Sanjay and Gobioff, Howard and Leung, Shun-Tak},
	journal={ACM SIGOPS Operating Systems Review},
	volume={37},
	number={5},
	pages={29--43},
	year={2003},
	publisher={ACM}
}

@article{dean2008mapreduce,
	title={MapReduce: A Flexible Data Processing Tool},
	author={Dean, Jeffrey and Ghemawat, Sanjay},
	journal={Communications of the ACM},
	volume={53},
	number={1},
	pages={72--77},
	year={2008},
	publisher={ACM}
}